%----------------------------------------------------------------------------------------
%	REFERENCES.
%   
%   Types of citations, required fields & optional fields can be found here:
%   http://mirrors.ibiblio.org/CTAN/macros/latex/contrib/biblatex/doc/biblatex.pdf
%----------------------------------------------------------------------------------------

%----------------------------------------------------------------------------------------
% 	SECTION: GUISDAP.
%----------------------------------------------------------------------------------------



%----------------------------------------------------------------------------------------
% 	SECTION: SPACEWEATHER EVENT.
%----------------------------------------------------------------------------------------

@online{wiki_halloween_solar_stroms,
    author      = {Wikipedia},
    title       = {Halloween solar storms},
    year        = 2003,
    url         = {https://en.wikipedia.org/wiki/Halloween_solar_storms,_2003},
    urldate     = {2019-05-05}
}





%----------------------------------------------------------------------------------------
% 	EXAMPLES.
%----------------------------------------------------------------------------------------


@book{exampleBOOK,
    author      = {{European Space Agency}}, 
    title       = {JUICE assessment study report (yellow book)},
    publisher   = {ESA/SRE},
    year        = 2011,
    month       = 12
}




@article{exampleARTICLE,
    author      = "M. G. Kivelson and K.K. Khurana and M.Volwerk",
    title       = "The Permanent and Inductive Magnetic Moments of Ganymede",
    journal     = "Icarus",
    volume      = "157",
    number      = "2",
    pages       = "507 - 522",
    year        = "2002",
    issn        = "0019-1035",
    doi         = "https://doi.org/10.1006/icar.2002.6834",
    url         = "http://www.sciencedirect.com/science/article/pii/S001910350296834X",
}

